<?xml version="1.0" encoding="UTF-8"?><collection xmlns="http://www.loc.gov/MARC21/slim"><record><leader>00557nam--2200181-i-4500</leader><controlfield tag="001">000029237</controlfield><controlfield tag="002">20161230</controlfield><controlfield tag="005">20161230201037</controlfield><controlfield tag="008">060222s1000------------r-----000-0-fre-d</controlfield><datafield ind1=" " ind2=" " tag="040"><subfield code="a">IFIN-HH</subfield></datafield><datafield ind1=" " ind2=" " tag="041"><subfield code="a">fre</subfield></datafield><datafield ind1=" " ind2=" " tag="080"><subfield code="a">539.172.1(043)</subfield></datafield><datafield ind1="1" ind2=" " tag="100"><subfield code="a">Laribi, Sid`Ahmed</subfield></datafield><datafield ind1="1" ind2="0" tag="245"><subfield code="a">Contribution a l`etude du noyau 20f20 partir des reactions 19f(d,p)20f(d,p)20f et 19f(d,py)20f</subfield><subfield code="b">These</subfield><subfield code="c">Sid'ahmed laribi</subfield></datafield><datafield ind1=" " ind2=" " tag="260"><subfield code="a">Alger</subfield><subfield code="b">Faculte Des Sciences De L`Universite D`Alger</subfield><subfield code="c">1975</subfield></datafield><datafield ind1=" " ind2=" " tag="300"><subfield code="a">103P</subfield></datafield><datafield ind1=" " ind2=" " tag="852"><subfield code="a">44149</subfield><subfield code="c">539.17</subfield></datafield><datafield ind1=" " ind2=" " tag="CAT"><subfield code="a">Sys</subfield><subfield code="c">20120615</subfield><subfield code="h">122800</subfield></datafield></record></collection>